@misc{nvidia2023nemo,
  publisher = {GitHub},
  journal = {GitHub repository},
  howpublished = {\url{https://github.com/charlespwd/project-title}},
  author = {NVIDIA},
  title = {NeMo Megatron Launcher},
  year = {2023},
  url = {https://github.com/NVIDIA/NeMo-Megatron-Launcher}
}

@book{nvidia2023nemo,
	title = {NVIDIA/NeMo},
	url = {https://github.com/NVIDIA/NeMo},
	author = {NVIDIA},
	date = {2023-09-07},
	year = {2023},
	month = {9},
	day = {7},
}